%YAML 1.1
%TAG !u! tag:unity3d.com,2011:
--- !u!1 &9141878317005153711
GameObject:
  m_ObjectHideFlags: 0
  m_CorrespondingSourceObject: {fileID: 0}
  m_PrefabInstance: {fileID: 0}
  m_PrefabAsset: {fileID: 0}
  serializedVersion: 6
  m_Component:
  - component: {fileID: 6146604238992109548}
  - component: {fileID: 5554256998797157888}
  m_Layer: 0
  m_Name: WeaponHolder
  m_TagString: WeaponHolder
  m_Icon: {fileID: 0}
  m_NavMeshLayer: 0
  m_StaticEditorFlags: 0
  m_IsActive: 1
--- !u!4 &6146604238992109548
Transform:
  m_ObjectHideFlags: 0
  m_CorrespondingSourceObject: {fileID: 0}
  m_PrefabInstance: {fileID: 0}
  m_PrefabAsset: {fileID: 0}
  m_GameObject: {fileID: 9141878317005153711}
  m_LocalRotation: {x: -0, y: -0, z: -0, w: 1}
  m_LocalPosition: {x: 0, y: 0, z: 0}
  m_LocalScale: {x: 1, y: 1, z: 1}
  m_Children:
  - {fileID: 5349788547920812990}
  - {fileID: 1194860177590530430}
  m_Father: {fileID: 0}
  m_RootOrder: 0
  m_LocalEulerAnglesHint: {x: 0, y: 0, z: 0}
--- !u!114 &5554256998797157888
MonoBehaviour:
  m_ObjectHideFlags: 0
  m_CorrespondingSourceObject: {fileID: 0}
  m_PrefabInstance: {fileID: 0}
  m_PrefabAsset: {fileID: 0}
  m_GameObject: {fileID: 9141878317005153711}
  m_Enabled: 1
  m_EditorHideFlags: 0
  m_Script: {fileID: 11500000, guid: 2bae5608fbc0b4747aec9b2168f49d0e, type: 3}
  m_Name: 
  m_EditorClassIdentifier: 
  debugMode: 1
  selectedWeapon: 0
--- !u!1001 &3015280429932366787
PrefabInstance:
  m_ObjectHideFlags: 0
  serializedVersion: 2
  m_Modification:
    m_TransformParent: {fileID: 6146604238992109548}
    m_Modifications: []
    m_RemovedComponents: []
  m_SourcePrefab: {fileID: 100100000, guid: bdb87a5dea5cd5a4b87580b2be570289, type: 3}
--- !u!4 &5349788547920812990 stripped
Transform:
  m_CorrespondingSourceObject: {fileID: 7198486977430917245, guid: bdb87a5dea5cd5a4b87580b2be570289,
    type: 3}
  m_PrefabInstance: {fileID: 3015280429932366787}
  m_PrefabAsset: {fileID: 0}
--- !u!1001 &4970349211422833170
PrefabInstance:
  m_ObjectHideFlags: 0
  serializedVersion: 2
  m_Modification:
    m_TransformParent: {fileID: 6146604238992109548}
    m_Modifications:
    - target: {fileID: 6084017051818199916, guid: 58718816dd99f7d44bd487ffd5394181,
        type: 3}
      propertyPath: m_RootOrder
      value: 1
      objectReference: {fileID: 0}
    m_RemovedComponents: []
  m_SourcePrefab: {fileID: 100100000, guid: 58718816dd99f7d44bd487ffd5394181, type: 3}
--- !u!4 &1194860177590530430 stripped
Transform:
  m_CorrespondingSourceObject: {fileID: 6084017051818199916, guid: 58718816dd99f7d44bd487ffd5394181,
    type: 3}
  m_PrefabInstance: {fileID: 4970349211422833170}
  m_PrefabAsset: {fileID: 0}
