%YAML 1.1
%TAG !u! tag:unity3d.com,2011:
--- !u!1 &6899024123734663450
GameObject:
  m_ObjectHideFlags: 0
  m_CorrespondingSourceObject: {fileID: 0}
  m_PrefabInstance: {fileID: 0}
  m_PrefabAsset: {fileID: 0}
  serializedVersion: 6
  m_Component:
  - component: {fileID: 6899024123734663453}
  - component: {fileID: 6899024123734663454}
  - component: {fileID: 6899024123734663455}
  - component: {fileID: 6899024123734663448}
  - component: {fileID: 6899024123734663449}
  - component: {fileID: 6899024123734663452}
  m_Layer: 0
  m_Name: FloorHoleLarge
  m_TagString: Untagged
  m_Icon: {fileID: 0}
  m_NavMeshLayer: 0
  m_StaticEditorFlags: 4294967295
  m_IsActive: 1
--- !u!4 &6899024123734663453
Transform:
  m_ObjectHideFlags: 0
  m_CorrespondingSourceObject: {fileID: 0}
  m_PrefabInstance: {fileID: 0}
  m_PrefabAsset: {fileID: 0}
  m_GameObject: {fileID: 6899024123734663450}
  m_LocalRotation: {x: 0, y: 0, z: 0, w: 1}
  m_LocalPosition: {x: 0, y: 0, z: 0}
  m_LocalScale: {x: 1, y: 1, z: 1}
  m_Children: []
  m_Father: {fileID: 0}
  m_RootOrder: 0
  m_LocalEulerAnglesHint: {x: 0, y: 0, z: 0}
--- !u!33 &6899024123734663454
MeshFilter:
  m_ObjectHideFlags: 0
  m_CorrespondingSourceObject: {fileID: 0}
  m_PrefabInstance: {fileID: 0}
  m_PrefabAsset: {fileID: 0}
  m_GameObject: {fileID: 6899024123734663450}
  m_Mesh: {fileID: 0}
--- !u!23 &6899024123734663455
MeshRenderer:
  m_ObjectHideFlags: 0
  m_CorrespondingSourceObject: {fileID: 0}
  m_PrefabInstance: {fileID: 0}
  m_PrefabAsset: {fileID: 0}
  m_GameObject: {fileID: 6899024123734663450}
  m_Enabled: 1
  m_CastShadows: 1
  m_ReceiveShadows: 1
  m_DynamicOccludee: 1
  m_MotionVectors: 1
  m_LightProbeUsage: 1
  m_ReflectionProbeUsage: 1
  m_RenderingLayerMask: 1
  m_RendererPriority: 0
  m_Materials:
  - {fileID: 2100000, guid: cb3f352c2be0fe64996676083d719f33, type: 2}
  m_StaticBatchInfo:
    firstSubMesh: 0
    subMeshCount: 0
  m_StaticBatchRoot: {fileID: 0}
  m_ProbeAnchor: {fileID: 0}
  m_LightProbeVolumeOverride: {fileID: 0}
  m_ScaleInLightmap: 1
  m_ReceiveGI: 1
  m_PreserveUVs: 0
  m_IgnoreNormalsForChartDetection: 0
  m_ImportantGI: 0
  m_StitchLightmapSeams: 1
  m_SelectedEditorRenderState: 2
  m_MinimumChartSize: 4
  m_AutoUVMaxDistance: 0.5
  m_AutoUVMaxAngle: 89
  m_LightmapParameters: {fileID: 0}
  m_SortingLayerID: 0
  m_SortingLayer: 0
  m_SortingOrder: 0
--- !u!114 &6899024123734663448
MonoBehaviour:
  m_ObjectHideFlags: 0
  m_CorrespondingSourceObject: {fileID: 0}
  m_PrefabInstance: {fileID: 0}
  m_PrefabAsset: {fileID: 0}
  m_GameObject: {fileID: 6899024123734663450}
  m_Enabled: 1
  m_EditorHideFlags: 0
  m_Script: {fileID: 11500000, guid: 8233d90336aea43098adf6dbabd606a2, type: 3}
  m_Name: 
  m_EditorClassIdentifier: 
  m_MeshFormatVersion: 1
  m_Faces:
  - m_Indexes: 000000000100000002000000030000000000000002000000
    m_SmoothingGroup: 0
    m_Uv:
      m_UseWorldSpace: 0
      m_FlipU: 0
      m_FlipV: 0
      m_SwapUV: 0
      m_Fill: 1
      m_Scale: {x: 1, y: 1}
      m_Offset: {x: 0, y: 0}
      m_Rotation: 0
      m_Anchor: 9
    m_Material: {fileID: 2100000, guid: c22777d6e868e4f2fb421913386b154e, type: 2}
    m_SubmeshIndex: 0
    m_ManualUV: 0
    elementGroup: 0
    m_TextureGroup: 1
  - m_Indexes: 040000000500000006000000070000000400000006000000
    m_SmoothingGroup: 0
    m_Uv:
      m_UseWorldSpace: 0
      m_FlipU: 0
      m_FlipV: 0
      m_SwapUV: 0
      m_Fill: 1
      m_Scale: {x: 1, y: 1}
      m_Offset: {x: 0, y: 0}
      m_Rotation: 0
      m_Anchor: 9
    m_Material: {fileID: 2100000, guid: c22777d6e868e4f2fb421913386b154e, type: 2}
    m_SubmeshIndex: 0
    m_ManualUV: 0
    elementGroup: 0
    m_TextureGroup: 1
  - m_Indexes: 0b00000008000000090000000a0000000b00000009000000
    m_SmoothingGroup: 0
    m_Uv:
      m_UseWorldSpace: 0
      m_FlipU: 0
      m_FlipV: 0
      m_SwapUV: 0
      m_Fill: 1
      m_Scale: {x: 1, y: 1}
      m_Offset: {x: 0, y: 0}
      m_Rotation: 0
      m_Anchor: 9
    m_Material: {fileID: 2100000, guid: c22777d6e868e4f2fb421913386b154e, type: 2}
    m_SubmeshIndex: 0
    m_ManualUV: 0
    elementGroup: 0
    m_TextureGroup: 1
  - m_Indexes: 0e0000000f0000000c0000000d0000000e0000000c000000
    m_SmoothingGroup: 0
    m_Uv:
      m_UseWorldSpace: 0
      m_FlipU: 0
      m_FlipV: 0
      m_SwapUV: 0
      m_Fill: 1
      m_Scale: {x: 1, y: 1}
      m_Offset: {x: 0, y: 0}
      m_Rotation: 0
      m_Anchor: 9
    m_Material: {fileID: 2100000, guid: c22777d6e868e4f2fb421913386b154e, type: 2}
    m_SubmeshIndex: 0
    m_ManualUV: 0
    elementGroup: 0
    m_TextureGroup: 1
  - m_Indexes: 100000001100000012000000130000001000000012000000
    m_SmoothingGroup: 0
    m_Uv:
      m_UseWorldSpace: 0
      m_FlipU: 0
      m_FlipV: 0
      m_SwapUV: 0
      m_Fill: 1
      m_Scale: {x: 1, y: 1}
      m_Offset: {x: 0, y: 0}
      m_Rotation: 0
      m_Anchor: 9
    m_Material: {fileID: 2100000, guid: c22777d6e868e4f2fb421913386b154e, type: 2}
    m_SubmeshIndex: 0
    m_ManualUV: 0
    elementGroup: 0
    m_TextureGroup: 1
  - m_Indexes: 140000001500000016000000170000001400000016000000
    m_SmoothingGroup: 0
    m_Uv:
      m_UseWorldSpace: 0
      m_FlipU: 0
      m_FlipV: 0
      m_SwapUV: 0
      m_Fill: 1
      m_Scale: {x: 1, y: 1}
      m_Offset: {x: 0, y: 0}
      m_Rotation: 0
      m_Anchor: 9
    m_Material: {fileID: 2100000, guid: c22777d6e868e4f2fb421913386b154e, type: 2}
    m_SubmeshIndex: 0
    m_ManualUV: 0
    elementGroup: 0
    m_TextureGroup: 1
  - m_Indexes: 1b00000018000000190000001a0000001b00000019000000
    m_SmoothingGroup: 0
    m_Uv:
      m_UseWorldSpace: 0
      m_FlipU: 0
      m_FlipV: 0
      m_SwapUV: 0
      m_Fill: 1
      m_Scale: {x: 1, y: 1}
      m_Offset: {x: 0, y: 0}
      m_Rotation: 0
      m_Anchor: 9
    m_Material: {fileID: 2100000, guid: c22777d6e868e4f2fb421913386b154e, type: 2}
    m_SubmeshIndex: 0
    m_ManualUV: 0
    elementGroup: 0
    m_TextureGroup: 1
  - m_Indexes: 1e0000001f0000001c0000001d0000001e0000001c000000
    m_SmoothingGroup: 0
    m_Uv:
      m_UseWorldSpace: 0
      m_FlipU: 0
      m_FlipV: 0
      m_SwapUV: 0
      m_Fill: 1
      m_Scale: {x: 1, y: 1}
      m_Offset: {x: 0, y: 0}
      m_Rotation: 0
      m_Anchor: 9
    m_Material: {fileID: 2100000, guid: c22777d6e868e4f2fb421913386b154e, type: 2}
    m_SubmeshIndex: 0
    m_ManualUV: 0
    elementGroup: 0
    m_TextureGroup: 1
  - m_Indexes: 200000002100000022000000230000002000000022000000
    m_SmoothingGroup: 0
    m_Uv:
      m_UseWorldSpace: 0
      m_FlipU: 0
      m_FlipV: 0
      m_SwapUV: 0
      m_Fill: 1
      m_Scale: {x: 1, y: 1}
      m_Offset: {x: 0, y: 0}
      m_Rotation: 0
      m_Anchor: 9
    m_Material: {fileID: 2100000, guid: c22777d6e868e4f2fb421913386b154e, type: 2}
    m_SubmeshIndex: 0
    m_ManualUV: 0
    elementGroup: 0
    m_TextureGroup: 1
  - m_Indexes: 240000002500000026000000270000002400000026000000
    m_SmoothingGroup: 0
    m_Uv:
      m_UseWorldSpace: 0
      m_FlipU: 0
      m_FlipV: 0
      m_SwapUV: 0
      m_Fill: 1
      m_Scale: {x: 1, y: 1}
      m_Offset: {x: 0, y: 0}
      m_Rotation: 0
      m_Anchor: 9
    m_Material: {fileID: 2100000, guid: c22777d6e868e4f2fb421913386b154e, type: 2}
    m_SubmeshIndex: 0
    m_ManualUV: 0
    elementGroup: 0
    m_TextureGroup: 1
  - m_Indexes: 2b00000028000000290000002a0000002b00000029000000
    m_SmoothingGroup: 0
    m_Uv:
      m_UseWorldSpace: 0
      m_FlipU: 0
      m_FlipV: 0
      m_SwapUV: 0
      m_Fill: 1
      m_Scale: {x: 1, y: 1}
      m_Offset: {x: 0, y: 0}
      m_Rotation: 0
      m_Anchor: 9
    m_Material: {fileID: 2100000, guid: c22777d6e868e4f2fb421913386b154e, type: 2}
    m_SubmeshIndex: 0
    m_ManualUV: 0
    elementGroup: 0
    m_TextureGroup: 1
  - m_Indexes: 2e0000002f0000002c0000002d0000002e0000002c000000
    m_SmoothingGroup: 0
    m_Uv:
      m_UseWorldSpace: 0
      m_FlipU: 0
      m_FlipV: 0
      m_SwapUV: 0
      m_Fill: 1
      m_Scale: {x: 1, y: 1}
      m_Offset: {x: 0, y: 0}
      m_Rotation: 0
      m_Anchor: 9
    m_Material: {fileID: 2100000, guid: c22777d6e868e4f2fb421913386b154e, type: 2}
    m_SubmeshIndex: 0
    m_ManualUV: 0
    elementGroup: 0
    m_TextureGroup: 1
  - m_Indexes: 300000003100000032000000330000003000000032000000
    m_SmoothingGroup: 0
    m_Uv:
      m_UseWorldSpace: 0
      m_FlipU: 0
      m_FlipV: 0
      m_SwapUV: 0
      m_Fill: 1
      m_Scale: {x: 1, y: 1}
      m_Offset: {x: 0, y: 0}
      m_Rotation: 0
      m_Anchor: 9
    m_Material: {fileID: 2100000, guid: c22777d6e868e4f2fb421913386b154e, type: 2}
    m_SubmeshIndex: 0
    m_ManualUV: 0
    elementGroup: 0
    m_TextureGroup: 1
  - m_Indexes: 340000003500000036000000370000003400000036000000
    m_SmoothingGroup: 0
    m_Uv:
      m_UseWorldSpace: 0
      m_FlipU: 0
      m_FlipV: 0
      m_SwapUV: 0
      m_Fill: 1
      m_Scale: {x: 1, y: 1}
      m_Offset: {x: 0, y: 0}
      m_Rotation: 0
      m_Anchor: 9
    m_Material: {fileID: 2100000, guid: c22777d6e868e4f2fb421913386b154e, type: 2}
    m_SubmeshIndex: 0
    m_ManualUV: 0
    elementGroup: 0
    m_TextureGroup: 1
  - m_Indexes: 3b00000038000000390000003a0000003b00000039000000
    m_SmoothingGroup: 0
    m_Uv:
      m_UseWorldSpace: 0
      m_FlipU: 0
      m_FlipV: 0
      m_SwapUV: 0
      m_Fill: 1
      m_Scale: {x: 1, y: 1}
      m_Offset: {x: 0, y: 0}
      m_Rotation: 0
      m_Anchor: 9
    m_Material: {fileID: 2100000, guid: c22777d6e868e4f2fb421913386b154e, type: 2}
    m_SubmeshIndex: 0
    m_ManualUV: 0
    elementGroup: 0
    m_TextureGroup: 1
  - m_Indexes: 3e0000003f0000003c0000003d0000003e0000003c000000
    m_SmoothingGroup: 0
    m_Uv:
      m_UseWorldSpace: 0
      m_FlipU: 0
      m_FlipV: 0
      m_SwapUV: 0
      m_Fill: 1
      m_Scale: {x: 1, y: 1}
      m_Offset: {x: 0, y: 0}
      m_Rotation: 0
      m_Anchor: 9
    m_Material: {fileID: 2100000, guid: c22777d6e868e4f2fb421913386b154e, type: 2}
    m_SubmeshIndex: 0
    m_ManualUV: 0
    elementGroup: 0
    m_TextureGroup: 1
  - m_Indexes: 4100000042000000430000004700000048000000460000004900000046000000480000004a0000004b0000004c000000490000004a0000004c000000490000004c00000046000000460000004c000000450000004c0000004000000045000000450000004000000044000000400000004100000044000000440000004100000043000000
    m_SmoothingGroup: 0
    m_Uv:
      m_UseWorldSpace: 0
      m_FlipU: 0
      m_FlipV: 0
      m_SwapUV: 0
      m_Fill: 1
      m_Scale: {x: 1, y: 1}
      m_Offset: {x: 0, y: 0}
      m_Rotation: 0
      m_Anchor: 9
    m_Material: {fileID: 2100000, guid: c22777d6e868e4f2fb421913386b154e, type: 2}
    m_SubmeshIndex: 0
    m_ManualUV: 0
    elementGroup: 0
    m_TextureGroup: -1
  - m_Indexes: 4f000000510000004e0000004e00000051000000520000004e000000520000004d0000004d00000052000000530000004d00000053000000560000005600000053000000540000005600000054000000550000004f0000005000000051000000
    m_SmoothingGroup: 0
    m_Uv:
      m_UseWorldSpace: 0
      m_FlipU: 0
      m_FlipV: 0
      m_SwapUV: 0
      m_Fill: 1
      m_Scale: {x: 1, y: 1}
      m_Offset: {x: 0, y: 0}
      m_Rotation: 0
      m_Anchor: 9
    m_Material: {fileID: 2100000, guid: c22777d6e868e4f2fb421913386b154e, type: 2}
    m_SubmeshIndex: 0
    m_ManualUV: 0
    elementGroup: 0
    m_TextureGroup: -1
  - m_Indexes: 590000005b00000058000000580000005b0000005c000000580000005c00000057000000570000005c0000005d000000570000005d00000063000000630000005d000000600000005d0000005f000000600000005d0000005e0000005f000000610000006300000060000000630000006100000062000000590000005a0000005b000000
    m_SmoothingGroup: 0
    m_Uv:
      m_UseWorldSpace: 0
      m_FlipU: 0
      m_FlipV: 0
      m_SwapUV: 0
      m_Fill: 1
      m_Scale: {x: 1, y: 1}
      m_Offset: {x: 0, y: 0}
      m_Rotation: 0
      m_Anchor: 9
    m_Material: {fileID: 2100000, guid: c22777d6e868e4f2fb421913386b154e, type: 2}
    m_SubmeshIndex: 0
    m_ManualUV: 0
    elementGroup: 0
    m_TextureGroup: -1
  - m_Indexes: 640000006500000066000000670000006400000066000000
    m_SmoothingGroup: 0
    m_Uv:
      m_UseWorldSpace: 0
      m_FlipU: 0
      m_FlipV: 0
      m_SwapUV: 0
      m_Fill: 1
      m_Scale: {x: 1, y: 1}
      m_Offset: {x: 0, y: 0}
      m_Rotation: 0
      m_Anchor: 9
    m_Material: {fileID: 2100000, guid: c22777d6e868e4f2fb421913386b154e, type: 2}
    m_SubmeshIndex: 0
    m_ManualUV: 0
    elementGroup: 0
    m_TextureGroup: 2
  - m_Indexes: 6b00000068000000690000006a0000006b00000069000000
    m_SmoothingGroup: 0
    m_Uv:
      m_UseWorldSpace: 0
      m_FlipU: 0
      m_FlipV: 0
      m_SwapUV: 0
      m_Fill: 1
      m_Scale: {x: 1, y: 1}
      m_Offset: {x: 0, y: 0}
      m_Rotation: 0
      m_Anchor: 9
    m_Material: {fileID: 2100000, guid: c22777d6e868e4f2fb421913386b154e, type: 2}
    m_SubmeshIndex: 0
    m_ManualUV: 0
    elementGroup: 0
    m_TextureGroup: 2
  - m_Indexes: 6e0000006f0000006c0000006d0000006e0000006c000000
    m_SmoothingGroup: 0
    m_Uv:
      m_UseWorldSpace: 0
      m_FlipU: 0
      m_FlipV: 0
      m_SwapUV: 0
      m_Fill: 1
      m_Scale: {x: 1, y: 1}
      m_Offset: {x: 0, y: 0}
      m_Rotation: 0
      m_Anchor: 9
    m_Material: {fileID: 2100000, guid: c22777d6e868e4f2fb421913386b154e, type: 2}
    m_SubmeshIndex: 0
    m_ManualUV: 0
    elementGroup: 0
    m_TextureGroup: 2
  - m_Indexes: 700000007100000072000000730000007000000072000000
    m_SmoothingGroup: 0
    m_Uv:
      m_UseWorldSpace: 0
      m_FlipU: 0
      m_FlipV: 0
      m_SwapUV: 0
      m_Fill: 1
      m_Scale: {x: 1, y: 1}
      m_Offset: {x: 0, y: 0}
      m_Rotation: 0
      m_Anchor: 9
    m_Material: {fileID: 2100000, guid: c22777d6e868e4f2fb421913386b154e, type: 2}
    m_SubmeshIndex: 0
    m_ManualUV: 0
    elementGroup: 0
    m_TextureGroup: 2
  - m_Indexes: 770000007400000075000000760000007700000075000000
    m_SmoothingGroup: 0
    m_Uv:
      m_UseWorldSpace: 0
      m_FlipU: 0
      m_FlipV: 0
      m_SwapUV: 0
      m_Fill: 1
      m_Scale: {x: 1, y: 1}
      m_Offset: {x: 0, y: 0}
      m_Rotation: 0
      m_Anchor: 9
    m_Material: {fileID: 2100000, guid: c22777d6e868e4f2fb421913386b154e, type: 2}
    m_SubmeshIndex: 0
    m_ManualUV: 0
    elementGroup: 0
    m_TextureGroup: 2
  - m_Indexes: 7a0000007b00000078000000790000007a00000078000000
    m_SmoothingGroup: 0
    m_Uv:
      m_UseWorldSpace: 0
      m_FlipU: 0
      m_FlipV: 0
      m_SwapUV: 0
      m_Fill: 1
      m_Scale: {x: 1, y: 1}
      m_Offset: {x: 0, y: 0}
      m_Rotation: 0
      m_Anchor: 9
    m_Material: {fileID: 2100000, guid: c22777d6e868e4f2fb421913386b154e, type: 2}
    m_SubmeshIndex: 0
    m_ManualUV: 0
    elementGroup: 0
    m_TextureGroup: 2
  - m_Indexes: 7c0000007d0000007e0000007f0000007c0000007e000000
    m_SmoothingGroup: 0
    m_Uv:
      m_UseWorldSpace: 0
      m_FlipU: 0
      m_FlipV: 0
      m_SwapUV: 0
      m_Fill: 1
      m_Scale: {x: 1, y: 1}
      m_Offset: {x: 0, y: 0}
      m_Rotation: 0
      m_Anchor: 9
    m_Material: {fileID: 2100000, guid: c22777d6e868e4f2fb421913386b154e, type: 2}
    m_SubmeshIndex: 0
    m_ManualUV: 0
    elementGroup: 0
    m_TextureGroup: 2
  - m_Indexes: 800000008100000082000000830000008000000082000000
    m_SmoothingGroup: 0
    m_Uv:
      m_UseWorldSpace: 0
      m_FlipU: 0
      m_FlipV: 0
      m_SwapUV: 0
      m_Fill: 1
      m_Scale: {x: 1, y: 1}
      m_Offset: {x: 0, y: 0}
      m_Rotation: 0
      m_Anchor: 9
    m_Material: {fileID: 2100000, guid: c22777d6e868e4f2fb421913386b154e, type: 2}
    m_SubmeshIndex: 0
    m_ManualUV: 0
    elementGroup: 0
    m_TextureGroup: 2
  - m_Indexes: 860000008700000084000000850000008600000084000000
    m_SmoothingGroup: 0
    m_Uv:
      m_UseWorldSpace: 0
      m_FlipU: 0
      m_FlipV: 0
      m_SwapUV: 0
      m_Fill: 1
      m_Scale: {x: 1, y: 1}
      m_Offset: {x: 0, y: 0}
      m_Rotation: 0
      m_Anchor: 9
    m_Material: {fileID: 2100000, guid: c22777d6e868e4f2fb421913386b154e, type: 2}
    m_SubmeshIndex: 0
    m_ManualUV: 0
    elementGroup: 0
    m_TextureGroup: 2
  - m_Indexes: 88000000890000008a0000008b000000880000008a000000
    m_SmoothingGroup: 0
    m_Uv:
      m_UseWorldSpace: 0
      m_FlipU: 0
      m_FlipV: 0
      m_SwapUV: 0
      m_Fill: 1
      m_Scale: {x: 1, y: 1}
      m_Offset: {x: 0, y: 0}
      m_Rotation: 0
      m_Anchor: 9
    m_Material: {fileID: 2100000, guid: c22777d6e868e4f2fb421913386b154e, type: 2}
    m_SubmeshIndex: 0
    m_ManualUV: 0
    elementGroup: 0
    m_TextureGroup: 2
  - m_Indexes: 8c0000008d0000008e0000008f0000008c0000008e000000
    m_SmoothingGroup: 0
    m_Uv:
      m_UseWorldSpace: 0
      m_FlipU: 0
      m_FlipV: 0
      m_SwapUV: 0
      m_Fill: 1
      m_Scale: {x: 1, y: 1}
      m_Offset: {x: 0, y: 0}
      m_Rotation: 0
      m_Anchor: 9
    m_Material: {fileID: 2100000, guid: c22777d6e868e4f2fb421913386b154e, type: 2}
    m_SubmeshIndex: 0
    m_ManualUV: 0
    elementGroup: 0
    m_TextureGroup: 2
  - m_Indexes: 930000009000000091000000920000009300000091000000
    m_SmoothingGroup: 0
    m_Uv:
      m_UseWorldSpace: 0
      m_FlipU: 0
      m_FlipV: 0
      m_SwapUV: 0
      m_Fill: 1
      m_Scale: {x: 1, y: 1}
      m_Offset: {x: 0, y: 0}
      m_Rotation: 0
      m_Anchor: 9
    m_Material: {fileID: 2100000, guid: c22777d6e868e4f2fb421913386b154e, type: 2}
    m_SubmeshIndex: 0
    m_ManualUV: 0
    elementGroup: 0
    m_TextureGroup: 2
  - m_Indexes: 960000009400000095000000960000009700000094000000
    m_SmoothingGroup: 0
    m_Uv:
      m_UseWorldSpace: 0
      m_FlipU: 0
      m_FlipV: 0
      m_SwapUV: 0
      m_Fill: 1
      m_Scale: {x: 1, y: 1}
      m_Offset: {x: 0, y: 0}
      m_Rotation: 0
      m_Anchor: 9
    m_Material: {fileID: 2100000, guid: c22777d6e868e4f2fb421913386b154e, type: 2}
    m_SubmeshIndex: 0
    m_ManualUV: 0
    elementGroup: 0
    m_TextureGroup: 3
  - m_Indexes: 990000009b00000098000000990000009a0000009b000000
    m_SmoothingGroup: 0
    m_Uv:
      m_UseWorldSpace: 0
      m_FlipU: 0
      m_FlipV: 0
      m_SwapUV: 0
      m_Fill: 1
      m_Scale: {x: 1, y: 1}
      m_Offset: {x: 0, y: 0}
      m_Rotation: 0
      m_Anchor: 9
    m_Material: {fileID: 2100000, guid: c22777d6e868e4f2fb421913386b154e, type: 2}
    m_SubmeshIndex: 0
    m_ManualUV: 0
    elementGroup: 0
    m_TextureGroup: 3
  - m_Indexes: 9c0000009e0000009f0000009c0000009d0000009e000000
    m_SmoothingGroup: 0
    m_Uv:
      m_UseWorldSpace: 0
      m_FlipU: 0
      m_FlipV: 0
      m_SwapUV: 0
      m_Fill: 1
      m_Scale: {x: 1, y: 1}
      m_Offset: {x: 0, y: 0}
      m_Rotation: 0
      m_Anchor: 9
    m_Material: {fileID: 2100000, guid: c22777d6e868e4f2fb421913386b154e, type: 2}
    m_SubmeshIndex: 0
    m_ManualUV: 0
    elementGroup: 0
    m_TextureGroup: 3
  - m_Indexes: a2000000a0000000a1000000a2000000a3000000a0000000
    m_SmoothingGroup: 0
    m_Uv:
      m_UseWorldSpace: 0
      m_FlipU: 0
      m_FlipV: 0
      m_SwapUV: 0
      m_Fill: 1
      m_Scale: {x: 1, y: 1}
      m_Offset: {x: 0, y: 0}
      m_Rotation: 0
      m_Anchor: 9
    m_Material: {fileID: 2100000, guid: c22777d6e868e4f2fb421913386b154e, type: 2}
    m_SubmeshIndex: 0
    m_ManualUV: 0
    elementGroup: 0
    m_TextureGroup: 3
  - m_Indexes: a6000000a4000000a5000000a6000000a7000000a4000000
    m_SmoothingGroup: 0
    m_Uv:
      m_UseWorldSpace: 0
      m_FlipU: 0
      m_FlipV: 0
      m_SwapUV: 0
      m_Fill: 1
      m_Scale: {x: 1, y: 1}
      m_Offset: {x: 0, y: 0}
      m_Rotation: 0
      m_Anchor: 9
    m_Material: {fileID: 2100000, guid: c22777d6e868e4f2fb421913386b154e, type: 2}
    m_SubmeshIndex: 0
    m_ManualUV: 0
    elementGroup: 0
    m_TextureGroup: 3
  - m_Indexes: a8000000aa000000ab000000a8000000a9000000aa000000
    m_SmoothingGroup: 0
    m_Uv:
      m_UseWorldSpace: 0
      m_FlipU: 0
      m_FlipV: 0
      m_SwapUV: 0
      m_Fill: 1
      m_Scale: {x: 1, y: 1}
      m_Offset: {x: 0, y: 0}
      m_Rotation: 0
      m_Anchor: 9
    m_Material: {fileID: 2100000, guid: c22777d6e868e4f2fb421913386b154e, type: 2}
    m_SubmeshIndex: 0
    m_ManualUV: 0
    elementGroup: 0
    m_TextureGroup: 3
  - m_Indexes: ae000000ac000000ad000000ae000000af000000ac000000
    m_SmoothingGroup: 0
    m_Uv:
      m_UseWorldSpace: 0
      m_FlipU: 0
      m_FlipV: 0
      m_SwapUV: 0
      m_Fill: 1
      m_Scale: {x: 1, y: 1}
      m_Offset: {x: 0, y: 0}
      m_Rotation: 0
      m_Anchor: 9
    m_Material: {fileID: 2100000, guid: c22777d6e868e4f2fb421913386b154e, type: 2}
    m_SubmeshIndex: 0
    m_ManualUV: 0
    elementGroup: 0
    m_TextureGroup: 3
  - m_Indexes: b2000000b0000000b1000000b2000000b3000000b0000000
    m_SmoothingGroup: 0
    m_Uv:
      m_UseWorldSpace: 0
      m_FlipU: 0
      m_FlipV: 0
      m_SwapUV: 0
      m_Fill: 1
      m_Scale: {x: 1, y: 1}
      m_Offset: {x: 0, y: 0}
      m_Rotation: 0
      m_Anchor: 9
    m_Material: {fileID: 2100000, guid: c22777d6e868e4f2fb421913386b154e, type: 2}
    m_SubmeshIndex: 0
    m_ManualUV: 0
    elementGroup: 0
    m_TextureGroup: 3
  - m_Indexes: b5000000b7000000b4000000b5000000b6000000b7000000
    m_SmoothingGroup: 0
    m_Uv:
      m_UseWorldSpace: 0
      m_FlipU: 0
      m_FlipV: 0
      m_SwapUV: 0
      m_Fill: 1
      m_Scale: {x: 1, y: 1}
      m_Offset: {x: 0, y: 0}
      m_Rotation: 0
      m_Anchor: 9
    m_Material: {fileID: 2100000, guid: c22777d6e868e4f2fb421913386b154e, type: 2}
    m_SubmeshIndex: 0
    m_ManualUV: 0
    elementGroup: 0
    m_TextureGroup: 3
  - m_Indexes: ba000000b8000000b9000000ba000000bb000000b8000000
    m_SmoothingGroup: 0
    m_Uv:
      m_UseWorldSpace: 0
      m_FlipU: 0
      m_FlipV: 0
      m_SwapUV: 0
      m_Fill: 1
      m_Scale: {x: 1, y: 1}
      m_Offset: {x: 0, y: 0}
      m_Rotation: 0
      m_Anchor: 9
    m_Material: {fileID: 2100000, guid: c22777d6e868e4f2fb421913386b154e, type: 2}
    m_SubmeshIndex: 0
    m_ManualUV: 0
    elementGroup: 0
    m_TextureGroup: 3
  - m_Indexes: bd000000bf000000bc000000bd000000be000000bf000000
    m_SmoothingGroup: 0
    m_Uv:
      m_UseWorldSpace: 0
      m_FlipU: 0
      m_FlipV: 0
      m_SwapUV: 0
      m_Fill: 1
      m_Scale: {x: 1, y: 1}
      m_Offset: {x: 0, y: 0}
      m_Rotation: 0
      m_Anchor: 9
    m_Material: {fileID: 2100000, guid: c22777d6e868e4f2fb421913386b154e, type: 2}
    m_SubmeshIndex: 0
    m_ManualUV: 0
    elementGroup: 0
    m_TextureGroup: 3
  - m_Indexes: c0000000c2000000c3000000c0000000c1000000c2000000
    m_SmoothingGroup: 0
    m_Uv:
      m_UseWorldSpace: 0
      m_FlipU: 0
      m_FlipV: 0
      m_SwapUV: 0
      m_Fill: 1
      m_Scale: {x: 1, y: 1}
      m_Offset: {x: 0, y: 0}
      m_Rotation: 0
      m_Anchor: 9
    m_Material: {fileID: 2100000, guid: c22777d6e868e4f2fb421913386b154e, type: 2}
    m_SubmeshIndex: 0
    m_ManualUV: 0
    elementGroup: 0
    m_TextureGroup: 3
  - m_Indexes: c6000000c5000000c4000000c6000000c7000000c5000000
    m_SmoothingGroup: 0
    m_Uv:
      m_UseWorldSpace: 0
      m_FlipU: 0
      m_FlipV: 0
      m_SwapUV: 0
      m_Fill: 1
      m_Scale: {x: 1, y: 1}
      m_Offset: {x: 0, y: 0}
      m_Rotation: 0
      m_Anchor: 9
    m_Material: {fileID: 0}
    m_SubmeshIndex: 0
    m_ManualUV: 0
    elementGroup: -1
    m_TextureGroup: -1
  - m_Indexes: ca000000c9000000c8000000ca000000cb000000c9000000
    m_SmoothingGroup: 0
    m_Uv:
      m_UseWorldSpace: 0
      m_FlipU: 0
      m_FlipV: 0
      m_SwapUV: 0
      m_Fill: 1
      m_Scale: {x: 1, y: 1}
      m_Offset: {x: 0, y: 0}
      m_Rotation: 0
      m_Anchor: 9
    m_Material: {fileID: 0}
    m_SubmeshIndex: 0
    m_ManualUV: 0
    elementGroup: -1
    m_TextureGroup: -1
  - m_Indexes: ce000000cd000000cc000000ce000000cf000000cd000000
    m_SmoothingGroup: 0
    m_Uv:
      m_UseWorldSpace: 0
      m_FlipU: 0
      m_FlipV: 0
      m_SwapUV: 0
      m_Fill: 1
      m_Scale: {x: 1, y: 1}
      m_Offset: {x: 0, y: 0}
      m_Rotation: 0
      m_Anchor: 9
    m_Material: {fileID: 0}
    m_SubmeshIndex: 0
    m_ManualUV: 0
    elementGroup: -1
    m_TextureGroup: -1
  - m_Indexes: d2000000d1000000d0000000d2000000d3000000d1000000
    m_SmoothingGroup: 0
    m_Uv:
      m_UseWorldSpace: 0
      m_FlipU: 0
      m_FlipV: 0
      m_SwapUV: 0
      m_Fill: 1
      m_Scale: {x: 1, y: 1}
      m_Offset: {x: 0, y: 0}
      m_Rotation: 0
      m_Anchor: 9
    m_Material: {fileID: 0}
    m_SubmeshIndex: 0
    m_ManualUV: 0
    elementGroup: -1
    m_TextureGroup: -1
  - m_Indexes: d6000000d5000000d4000000d6000000d7000000d5000000
    m_SmoothingGroup: 0
    m_Uv:
      m_UseWorldSpace: 0
      m_FlipU: 0
      m_FlipV: 0
      m_SwapUV: 0
      m_Fill: 1
      m_Scale: {x: 1, y: 1}
      m_Offset: {x: 0, y: 0}
      m_Rotation: 0
      m_Anchor: 9
    m_Material: {fileID: 0}
    m_SubmeshIndex: 0
    m_ManualUV: 0
    elementGroup: -1
    m_TextureGroup: -1
  - m_Indexes: da000000d9000000d8000000da000000db000000d9000000
    m_SmoothingGroup: 0
    m_Uv:
      m_UseWorldSpace: 0
      m_FlipU: 0
      m_FlipV: 0
      m_SwapUV: 0
      m_Fill: 1
      m_Scale: {x: 1, y: 1}
      m_Offset: {x: 0, y: 0}
      m_Rotation: 0
      m_Anchor: 9
    m_Material: {fileID: 0}
    m_SubmeshIndex: 0
    m_ManualUV: 0
    elementGroup: -1
    m_TextureGroup: -1
  - m_Indexes: de000000dd000000dc000000de000000df000000dd000000
    m_SmoothingGroup: 0
    m_Uv:
      m_UseWorldSpace: 0
      m_FlipU: 0
      m_FlipV: 0
      m_SwapUV: 0
      m_Fill: 1
      m_Scale: {x: 1, y: 1}
      m_Offset: {x: 0, y: 0}
      m_Rotation: 0
      m_Anchor: 9
    m_Material: {fileID: 0}
    m_SubmeshIndex: 0
    m_ManualUV: 0
    elementGroup: -1
    m_TextureGroup: -1
  - m_Indexes: e2000000e1000000e0000000e2000000e3000000e1000000
    m_SmoothingGroup: 0
    m_Uv:
      m_UseWorldSpace: 0
      m_FlipU: 0
      m_FlipV: 0
      m_SwapUV: 0
      m_Fill: 1
      m_Scale: {x: 1, y: 1}
      m_Offset: {x: 0, y: 0}
      m_Rotation: 0
      m_Anchor: 9
    m_Material: {fileID: 0}
    m_SubmeshIndex: 0
    m_ManualUV: 0
    elementGroup: -1
    m_TextureGroup: -1
  m_SharedVertices:
  - m_Vertices: 000000005e000000bd000000
  - m_Vertices: 0100000004000000ba000000bc000000
  - m_Vertices: 02000000070000000b0000000f000000
  - m_Vertices: 030000000e0000005f000000
  - m_Vertices: 0500000010000000b5000000b9000000
  - m_Vertices: 0600000008000000130000001e000000
  - m_Vertices: 090000001d0000002000000035000000
  - m_Vertices: 0a0000000c0000003100000034000000
  - m_Vertices: 0d0000003000000060000000
  - m_Vertices: 1100000014000000b2000000b4000000
  - m_Vertices: 12000000170000001b0000001f000000
  - m_Vertices: 150000004b000000b1000000
  - m_Vertices: 16000000180000004a000000
  - m_Vertices: 190000002500000049000000
  - m_Vertices: 1a0000001c0000002100000024000000
  - m_Vertices: 22000000270000002b0000002f000000
  - m_Vertices: 230000002e0000003600000038000000
  - m_Vertices: 260000002800000048000000
  - m_Vertices: 290000004700000079000000
  - m_Vertices: 2a0000002c0000007600000078000000
  - m_Vertices: 2d000000390000006d00000075000000
  - m_Vertices: 32000000370000003b0000003f000000
  - m_Vertices: 330000003e00000061000000
  - m_Vertices: 3a0000003c0000006a0000006c000000
  - m_Vertices: 3d0000006200000069000000
  - m_Vertices: 40000000a5000000ac000000
  - m_Vertices: 41000000a1000000a4000000
  - m_Vertices: 4200000050000000a0000000
  - m_Vertices: 430000004f0000007c000000
  - m_Vertices: 440000007f00000086000000
  - m_Vertices: 450000007000000085000000
  - m_Vertices: 46000000730000007a000000
  - m_Vertices: 4c000000ad000000b0000000
  - m_Vertices: 4d0000008100000088000000
  - m_Vertices: 4e0000007d00000080000000
  - m_Vertices: 51000000a3000000aa000000
  - m_Vertices: 5200000094000000a9000000
  - m_Vertices: 53000000970000009e000000
  - m_Vertices: 540000005a0000009d000000
  - m_Vertices: 55000000590000008d000000
  - m_Vertices: 56000000890000008c000000
  - m_Vertices: 570000006500000091000000
  - m_Vertices: 580000008e00000090000000
  - m_Vertices: 5b0000009a0000009c000000
  - m_Vertices: 5c00000099000000c1000000
  - m_Vertices: 5d000000be000000c0000000
  - m_Vertices: 630000006600000068000000
  - m_Vertices: 6400000092000000cd000000d0000000
  - m_Vertices: 670000006b0000006f000000c9000000cc000000
  - m_Vertices: 6e00000074000000c5000000c8000000
  - m_Vertices: 7100000084000000dd000000e0000000
  - m_Vertices: 72000000770000007b000000c4000000e1000000
  - m_Vertices: 7e0000008300000087000000d9000000dc000000
  - m_Vertices: 820000008b000000d5000000d8000000
  - m_Vertices: 8a0000008f00000093000000d1000000d4000000
  - m_Vertices: 95000000a8000000
  - m_Vertices: 960000009b0000009f000000
  - m_Vertices: 98000000c2000000
  - m_Vertices: a2000000a7000000ab000000
  - m_Vertices: a6000000af000000
  - m_Vertices: ae000000b3000000b7000000
  - m_Vertices: b6000000b8000000
  - m_Vertices: bb000000bf000000c3000000
  - m_Vertices: c6000000e3000000
  - m_Vertices: c7000000ca000000
  - m_Vertices: cb000000ce000000
  - m_Vertices: cf000000d2000000
  - m_Vertices: d3000000d6000000
  - m_Vertices: d7000000da000000
  - m_Vertices: db000000de000000
  - m_Vertices: df000000e2000000
  m_SharedTextures: []
  m_Positions:
  - {x: 0, y: 0, z: 0}
  - {x: 2.5, y: 0, z: 0}
  - {x: 2.5, y: 0.0625, z: 0}
  - {x: 0, y: 0.0625, z: 0}
  - {x: 2.5, y: 0, z: 0}
  - {x: 5, y: 0, z: 0}
  - {x: 5, y: 0.0625, z: 0}
  - {x: 2.5, y: 0.0625, z: 0}
  - {x: 5, y: 0.0625, z: 0}
  - {x: 5, y: 0.125, z: 0}
  - {x: 2.5, y: 0.125, z: 0}
  - {x: 2.5, y: 0.0625, z: 0}
  - {x: 2.5, y: 0.125, z: 0}
  - {x: 0, y: 0.125, z: 0}
  - {x: 0, y: 0.0625, z: 0}
  - {x: 2.5, y: 0.0625, z: 0}
  - {x: 5, y: 0, z: 0}
  - {x: 7.5, y: 0, z: 0}
  - {x: 7.5, y: 0.0625, z: 0}
  - {x: 5, y: 0.0625, z: 0}
  - {x: 7.5, y: 0, z: 0}
  - {x: 10, y: 0, z: 0}
  - {x: 10, y: 0.0625, z: 0}
  - {x: 7.5, y: 0.0625, z: 0}
  - {x: 10, y: 0.0625, z: 0}
  - {x: 10, y: 0.125, z: 0}
  - {x: 7.5, y: 0.125, z: 0}
  - {x: 7.5, y: 0.0625, z: 0}
  - {x: 7.5, y: 0.125, z: 0}
  - {x: 5, y: 0.125, z: 0}
  - {x: 5, y: 0.0625, z: 0}
  - {x: 7.5, y: 0.0625, z: 0}
  - {x: 5, y: 0.125, z: 0}
  - {x: 7.5, y: 0.125, z: 0}
  - {x: 7.5, y: 0.1875, z: 0}
  - {x: 5, y: 0.1875, z: 0}
  - {x: 7.5, y: 0.125, z: 0}
  - {x: 10, y: 0.125, z: 0}
  - {x: 10, y: 0.1875, z: 0}
  - {x: 7.5, y: 0.1875, z: 0}
  - {x: 10, y: 0.1875, z: 0}
  - {x: 10, y: 0.25, z: 0}
  - {x: 7.5, y: 0.25, z: 0}
  - {x: 7.5, y: 0.1875, z: 0}
  - {x: 7.5, y: 0.25, z: 0}
  - {x: 5, y: 0.25, z: 0}
  - {x: 5, y: 0.1875, z: 0}
  - {x: 7.5, y: 0.1875, z: 0}
  - {x: 0, y: 0.125, z: 0}
  - {x: 2.5, y: 0.125, z: 0}
  - {x: 2.5, y: 0.1875, z: 0}
  - {x: 0, y: 0.1875, z: 0}
  - {x: 2.5, y: 0.125, z: 0}
  - {x: 5, y: 0.125, z: 0}
  - {x: 5, y: 0.1875, z: 0}
  - {x: 2.5, y: 0.1875, z: 0}
  - {x: 5, y: 0.1875, z: 0}
  - {x: 5, y: 0.25, z: 0}
  - {x: 2.5, y: 0.25, z: 0}
  - {x: 2.5, y: 0.1875, z: 0}
  - {x: 2.5, y: 0.25, z: 0}
  - {x: 0, y: 0.25, z: 0}
  - {x: 0, y: 0.1875, z: 0}
  - {x: 2.5, y: 0.1875, z: 0}
  - {x: 10, y: 0, z: -5}
  - {x: 10, y: 0, z: -7.5}
  - {x: 10, y: 0, z: -10}
  - {x: 10, y: 0.25, z: -10}
  - {x: 10, y: 0.25, z: -7.5}
  - {x: 10, y: 0.25, z: -5}
  - {x: 10, y: 0.25, z: -2.5}
  - {x: 10, y: 0.25, z: 0}
  - {x: 10, y: 0.1875, z: 0}
  - {x: 10, y: 0.125, z: 0}
  - {x: 10, y: 0.0625, z: 0}
  - {x: 10, y: 0, z: 0}
  - {x: 10, y: 0, z: -2.5}
  - {x: 5, y: 0.25, z: -10}
  - {x: 7.5, y: 0.25, z: -10}
  - {x: 10, y: 0.25, z: -10}
  - {x: 10, y: 0, z: -10}
  - {x: 7.5, y: 0, z: -10}
  - {x: 5, y: 0, z: -10}
  - {x: 2.5, y: 0, z: -10}
  - {x: 0, y: 0, z: -10}
  - {x: 0, y: 0.25, z: -10}
  - {x: 2.5, y: 0.25, z: -10}
  - {x: 0, y: 0.25, z: -5}
  - {x: 0, y: 0.25, z: -7.5}
  - {x: 0, y: 0.25, z: -10}
  - {x: 0, y: 0, z: -10}
  - {x: 0, y: 0, z: -7.5}
  - {x: 0, y: 0, z: -5}
  - {x: 0, y: 0, z: -2.5}
  - {x: 0, y: 0, z: 0}
  - {x: 0, y: 0.0625, z: 0}
  - {x: 0, y: 0.125, z: 0}
  - {x: 0, y: 0.1875, z: 0}
  - {x: 0, y: 0.25, z: 0}
  - {x: 0, y: 0.25, z: -2.5}
  - {x: 2.5, y: 0.25, z: -5}
  - {x: 0, y: 0.25, z: -5}
  - {x: 0, y: 0.25, z: -2.5}
  - {x: 2.5, y: 0.25, z: -2.5}
  - {x: 0, y: 0.25, z: -2.5}
  - {x: 0, y: 0.25, z: 0}
  - {x: 2.5, y: 0.25, z: 0}
  - {x: 2.5, y: 0.25, z: -2.5}
  - {x: 2.5, y: 0.25, z: 0}
  - {x: 5, y: 0.25, z: 0}
  - {x: 5, y: 0.25, z: -2.5}
  - {x: 2.5, y: 0.25, z: -2.5}
  - {x: 10, y: 0.25, z: -5}
  - {x: 7.5, y: 0.25, z: -5}
  - {x: 7.5, y: 0.25, z: -2.5}
  - {x: 10, y: 0.25, z: -2.5}
  - {x: 5, y: 0.25, z: -2.5}
  - {x: 5, y: 0.25, z: 0}
  - {x: 7.5, y: 0.25, z: 0}
  - {x: 7.5, y: 0.25, z: -2.5}
  - {x: 7.5, y: 0.25, z: 0}
  - {x: 10, y: 0.25, z: 0}
  - {x: 10, y: 0.25, z: -2.5}
  - {x: 7.5, y: 0.25, z: -2.5}
  - {x: 10, y: 0.25, z: -10}
  - {x: 7.5, y: 0.25, z: -10}
  - {x: 7.5, y: 0.25, z: -7.5}
  - {x: 10, y: 0.25, z: -7.5}
  - {x: 7.5, y: 0.25, z: -10}
  - {x: 5, y: 0.25, z: -10}
  - {x: 5, y: 0.25, z: -7.5}
  - {x: 7.5, y: 0.25, z: -7.5}
  - {x: 7.5, y: 0.25, z: -5}
  - {x: 10, y: 0.25, z: -5}
  - {x: 10, y: 0.25, z: -7.5}
  - {x: 7.5, y: 0.25, z: -7.5}
  - {x: 5, y: 0.25, z: -10}
  - {x: 2.5, y: 0.25, z: -10}
  - {x: 2.5, y: 0.25, z: -7.5}
  - {x: 5, y: 0.25, z: -7.5}
  - {x: 2.5, y: 0.25, z: -10}
  - {x: 0, y: 0.25, z: -10}
  - {x: 0, y: 0.25, z: -7.5}
  - {x: 2.5, y: 0.25, z: -7.5}
  - {x: 0, y: 0.25, z: -7.5}
  - {x: 0, y: 0.25, z: -5}
  - {x: 2.5, y: 0.25, z: -5}
  - {x: 2.5, y: 0.25, z: -7.5}
  - {x: 5, y: 0, z: -10}
  - {x: 5, y: 0, z: -7.5}
  - {x: 2.5, y: 0, z: -7.5}
  - {x: 2.5, y: 0, z: -10}
  - {x: 2.5, y: 0, z: -5}
  - {x: 0, y: 0, z: -5}
  - {x: 0, y: 0, z: -7.5}
  - {x: 2.5, y: 0, z: -7.5}
  - {x: 0, y: 0, z: -7.5}
  - {x: 0, y: 0, z: -10}
  - {x: 2.5, y: 0, z: -10}
  - {x: 2.5, y: 0, z: -7.5}
  - {x: 10, y: 0, z: -10}
  - {x: 10, y: 0, z: -7.5}
  - {x: 7.5, y: 0, z: -7.5}
  - {x: 7.5, y: 0, z: -10}
  - {x: 10, y: 0, z: -7.5}
  - {x: 10, y: 0, z: -5}
  - {x: 7.5, y: 0, z: -5}
  - {x: 7.5, y: 0, z: -7.5}
  - {x: 5, y: 0, z: -7.5}
  - {x: 5, y: 0, z: -10}
  - {x: 7.5, y: 0, z: -10}
  - {x: 7.5, y: 0, z: -7.5}
  - {x: 10, y: 0, z: -5}
  - {x: 10, y: 0, z: -2.5}
  - {x: 7.5, y: 0, z: -2.5}
  - {x: 7.5, y: 0, z: -5}
  - {x: 10, y: 0, z: -2.5}
  - {x: 10, y: 0, z: 0}
  - {x: 7.5, y: 0, z: 0}
  - {x: 7.5, y: 0, z: -2.5}
  - {x: 7.5, y: 0, z: 0}
  - {x: 5, y: 0, z: 0}
  - {x: 5, y: 0, z: -2.5}
  - {x: 7.5, y: 0, z: -2.5}
  - {x: 5, y: 0, z: -2.5}
  - {x: 5, y: 0, z: 0}
  - {x: 2.5, y: 0, z: 0}
  - {x: 2.5, y: 0, z: -2.5}
  - {x: 2.5, y: 0, z: 0}
  - {x: 0, y: 0, z: 0}
  - {x: 0, y: 0, z: -2.5}
  - {x: 2.5, y: 0, z: -2.5}
  - {x: 0, y: 0, z: -2.5}
  - {x: 0, y: 0, z: -5}
  - {x: 2.5, y: 0, z: -5}
  - {x: 2.5, y: 0, z: -2.5}
  - {x: 7.5, y: 0.25, z: -2.5}
  - {x: 5, y: 0.25, z: -2.5}
  - {x: 7.5, y: 0, z: -2.5}
  - {x: 5, y: 0, z: -2.5000002}
  - {x: 5, y: 0.25, z: -2.5}
  - {x: 2.5, y: 0.25, z: -2.5}
  - {x: 5, y: 0, z: -2.5000002}
  - {x: 2.5, y: 0, z: -2.5}
  - {x: 2.5, y: 0.25, z: -2.5}
  - {x: 2.5, y: 0.25, z: -5}
  - {x: 2.5, y: 0, z: -2.5}
  - {x: 2.5000002, y: 0, z: -5}
  - {x: 2.5, y: 0.25, z: -5}
  - {x: 2.5, y: 0.25, z: -7.5}
  - {x: 2.5000002, y: 0, z: -5}
  - {x: 2.5, y: 0, z: -7.5}
  - {x: 2.5, y: 0.25, z: -7.5}
  - {x: 5, y: 0.25, z: -7.5}
  - {x: 2.5, y: 0, z: -7.5}
  - {x: 5, y: 0, z: -7.5}
  - {x: 5, y: 0.25, z: -7.5}
  - {x: 7.5, y: 0.25, z: -7.5}
  - {x: 5, y: 0, z: -7.5}
  - {x: 7.5, y: 0, z: -7.5}
  - {x: 7.5, y: 0.25, z: -7.5}
  - {x: 7.5, y: 0.25, z: -5}
  - {x: 7.5, y: 0, z: -7.5}
  - {x: 7.5, y: 0, z: -5}
  - {x: 7.5, y: 0.25, z: -5}
  - {x: 7.5, y: 0.25, z: -2.5}
  - {x: 7.5, y: 0, z: -5}
  - {x: 7.5, y: 0, z: -2.5}
  m_Textures0:
  - {x: 0, y: 0}
  - {x: -2.5, y: 0}
  - {x: -2.5, y: 0.0625}
  - {x: 0, y: 0.0625}
  - {x: -2.5, y: 0}
  - {x: -5, y: 0}
  - {x: -5, y: 0.0625}
  - {x: -2.5, y: 0.0625}
  - {x: -5, y: 0.0625}
  - {x: -5, y: 0.125}
  - {x: -2.5, y: 0.125}
  - {x: -2.5, y: 0.0625}
  - {x: -2.5, y: 0.125}
  - {x: 0, y: 0.125}
  - {x: 0, y: 0.0625}
  - {x: -2.5, y: 0.0625}
  - {x: -5, y: 0}
  - {x: -7.5, y: 0}
  - {x: -7.5, y: 0.0625}
  - {x: -5, y: 0.0625}
  - {x: -7.5, y: 0}
  - {x: -10, y: 0}
  - {x: -10, y: 0.0625}
  - {x: -7.5, y: 0.0625}
  - {x: -10, y: 0.0625}
  - {x: -10, y: 0.125}
  - {x: -7.5, y: 0.125}
  - {x: -7.5, y: 0.0625}
  - {x: -7.5, y: 0.125}
  - {x: -5, y: 0.125}
  - {x: -5, y: 0.0625}
  - {x: -7.5, y: 0.0625}
  - {x: -5, y: 0.125}
  - {x: -7.5, y: 0.125}
  - {x: -7.5, y: 0.1875}
  - {x: -5, y: 0.1875}
  - {x: -7.5, y: 0.125}
  - {x: -10, y: 0.125}
  - {x: -10, y: 0.1875}
  - {x: -7.5, y: 0.1875}
  - {x: -10, y: 0.1875}
  - {x: -10, y: 0.25}
  - {x: -7.5, y: 0.25}
  - {x: -7.5, y: 0.1875}
  - {x: -7.5, y: 0.25}
  - {x: -5, y: 0.25}
  - {x: -5, y: 0.1875}
  - {x: -7.5, y: 0.1875}
  - {x: 0, y: 0.125}
  - {x: -2.5, y: 0.125}
  - {x: -2.5, y: 0.1875}
  - {x: 0, y: 0.1875}
  - {x: -2.5, y: 0.125}
  - {x: -5, y: 0.125}
  - {x: -5, y: 0.1875}
  - {x: -2.5, y: 0.1875}
  - {x: -5, y: 0.1875}
  - {x: -5, y: 0.25}
  - {x: -2.5, y: 0.25}
  - {x: -2.5, y: 0.1875}
  - {x: -2.5, y: 0.25}
  - {x: 0, y: 0.25}
  - {x: 0, y: 0.1875}
  - {x: -2.5, y: 0.1875}
  - {x: -5, y: 0}
  - {x: -7.5, y: 0}
  - {x: -10, y: 0}
  - {x: -10, y: 0.25}
  - {x: -7.5, y: 0.25}
  - {x: -5, y: 0.25}
  - {x: -2.5, y: 0.25}
  - {x: 0, y: 0.25}
  - {x: 0, y: 0.1875}
  - {x: 0, y: 0.125}
  - {x: 0, y: 0.0625}
  - {x: 0, y: 0}
  - {x: -2.5, y: 0}
  - {x: 5, y: 0.25}
  - {x: 7.5, y: 0.25}
  - {x: 10, y: 0.25}
  - {x: 10, y: 0}
  - {x: 7.5, y: 0}
  - {x: 5, y: 0}
  - {x: 2.5, y: 0}
  - {x: 0, y: 0}
  - {x: 0, y: 0.25}
  - {x: 2.5, y: 0.25}
  - {x: 5, y: 0.25}
  - {x: 7.5, y: 0.25}
  - {x: 10, y: 0.25}
  - {x: 10, y: 0}
  - {x: 7.5, y: 0}
  - {x: 5, y: 0}
  - {x: 2.5, y: 0}
  - {x: 0, y: 0}
  - {x: 0, y: 0.0625}
  - {x: 0, y: 0.125}
  - {x: 0, y: 0.1875}
  - {x: 0, y: 0.25}
  - {x: 2.5, y: 0.25}
  - {x: 2.5, y: -5}
  - {x: 0, y: -5}
  - {x: 0, y: -2.5}
  - {x: 2.5, y: -2.5}
  - {x: 0, y: -2.5}
  - {x: 0, y: 0}
  - {x: 2.5, y: 0}
  - {x: 2.5, y: -2.5}
  - {x: 2.5, y: 0}
  - {x: 5, y: 0}
  - {x: 5, y: -2.5}
  - {x: 2.5, y: -2.5}
  - {x: 10, y: -5}
  - {x: 7.5, y: -5}
  - {x: 7.5, y: -2.5}
  - {x: 10, y: -2.5}
  - {x: 5, y: -2.5}
  - {x: 5, y: 0}
  - {x: 7.5, y: 0}
  - {x: 7.5, y: -2.5}
  - {x: 7.5, y: 0}
  - {x: 10, y: 0}
  - {x: 10, y: -2.5}
  - {x: 7.5, y: -2.5}
  - {x: 10, y: -10}
  - {x: 7.5, y: -10}
  - {x: 7.5, y: -7.5}
  - {x: 10, y: -7.5}
  - {x: 7.5, y: -10}
  - {x: 5, y: -10}
  - {x: 5, y: -7.5}
  - {x: 7.5, y: -7.5}
  - {x: 7.5, y: -5}
  - {x: 10, y: -5}
  - {x: 10, y: -7.5}
  - {x: 7.5, y: -7.5}
  - {x: 5, y: -10}
  - {x: 2.5, y: -10}
  - {x: 2.5, y: -7.5}
  - {x: 5, y: -7.5}
  - {x: 2.5, y: -10}
  - {x: 0, y: -10}
  - {x: 0, y: -7.5}
  - {x: 2.5, y: -7.5}
  - {x: 0, y: -7.5}
  - {x: 0, y: -5}
  - {x: 2.5, y: -5}
  - {x: 2.5, y: -7.5}
  - {x: -5, y: -10}
  - {x: -5, y: -7.5}
  - {x: -2.5, y: -7.5}
  - {x: -2.5, y: -10}
  - {x: -2.5, y: -5}
  - {x: 0, y: -5}
  - {x: 0, y: -7.5}
  - {x: -2.5, y: -7.5}
  - {x: 0, y: -7.5}
  - {x: 0, y: -10}
  - {x: -2.5, y: -10}
  - {x: -2.5, y: -7.5}
  - {x: -10, y: -10}
  - {x: -10, y: -7.5}
  - {x: -7.5, y: -7.5}
  - {x: -7.5, y: -10}
  - {x: -10, y: -7.5}
  - {x: -10, y: -5}
  - {x: -7.5, y: -5}
  - {x: -7.5, y: -7.5}
  - {x: -5, y: -7.5}
  - {x: -5, y: -10}
  - {x: -7.5, y: -10}
  - {x: -7.5, y: -7.5}
  - {x: -10, y: -5}
  - {x: -10, y: -2.5}
  - {x: -7.5, y: -2.5}
  - {x: -7.5, y: -5}
  - {x: -10, y: -2.5}
  - {x: -10, y: 0}
  - {x: -7.5, y: 0}
  - {x: -7.5, y: -2.5}
  - {x: -7.5, y: 0}
  - {x: -5, y: 0}
  - {x: -5, y: -2.5}
  - {x: -7.5, y: -2.5}
  - {x: -5, y: -2.5}
  - {x: -5, y: 0}
  - {x: -2.5, y: 0}
  - {x: -2.5, y: -2.5}
  - {x: -2.5, y: 0}
  - {x: 0, y: 0}
  - {x: 0, y: -2.5}
  - {x: -2.5, y: -2.5}
  - {x: 0, y: -2.5}
  - {x: 0, y: -5}
  - {x: -2.5, y: -5}
  - {x: -2.5, y: -2.5}
  - {x: 7.5, y: 0.25}
  - {x: 5, y: 0.25}
  - {x: 7.5, y: 0}
  - {x: 5, y: 0}
  - {x: 5, y: 0.24999762}
  - {x: 2.5, y: 0.24999762}
  - {x: 5, y: -0.000002384186}
  - {x: 2.5, y: -0.0000023841858}
  - {x: -2.5, y: 0.25}
  - {x: -5, y: 0.25}
  - {x: -2.5, y: 0}
  - {x: -5, y: 0}
  - {x: -5, y: 0.24999762}
  - {x: -7.5, y: 0.24999762}
  - {x: -5, y: -0.000002384186}
  - {x: -7.5, y: -0.0000023841858}
  - {x: -2.5, y: 0.25}
  - {x: -5, y: 0.25}
  - {x: -2.5, y: 0}
  - {x: -5, y: 0}
  - {x: -5, y: 0.25}
  - {x: -7.5, y: 0.25}
  - {x: -5, y: 0}
  - {x: -7.5, y: 0}
  - {x: 7.5, y: 0.25}
  - {x: 5, y: 0.25}
  - {x: 7.5, y: 0}
  - {x: 5, y: 0}
  - {x: 5, y: 0.25}
  - {x: 2.5, y: 0.25}
  - {x: 5, y: 0}
  - {x: 2.5, y: 0}
  m_Textures2: []
  m_Textures3: []
  m_Tangents:
  - {x: -1, y: 0, z: 0, w: -1}
  - {x: -1, y: 0, z: 0, w: -1}
  - {x: -1, y: 0, z: 0, w: -1}
  - {x: -1, y: 0, z: 0, w: -1}
  - {x: -1, y: 0, z: 0, w: -1}
  - {x: -1, y: 0, z: 0, w: -1}
  - {x: -1, y: 0, z: 0, w: -1}
  - {x: -1, y: 0, z: 0, w: -1}
  - {x: -1, y: 0, z: 0, w: -1}
  - {x: -1, y: 0, z: 0, w: -1}
  - {x: -1, y: 0, z: 0, w: -1}
  - {x: -1, y: 0, z: 0, w: -1}
  - {x: -1, y: 0, z: 0, w: -1}
  - {x: -1, y: 0, z: 0, w: -1}
  - {x: -1, y: 0, z: 0, w: -1}
  - {x: -1, y: 0, z: 0, w: -1}
  - {x: -1, y: 0, z: 0, w: -1}
  - {x: -1, y: 0, z: 0, w: -1}
  - {x: -1, y: 0, z: 0, w: -1}
  - {x: -1, y: 0, z: 0, w: -1}
  - {x: -1, y: 0, z: 0, w: -1}
  - {x: -1, y: 0, z: 0, w: -1}
  - {x: -1, y: 0, z: 0, w: -1}
  - {x: -1, y: 0, z: 0, w: -1}
  - {x: -1, y: 0, z: 0, w: -1}
  - {x: -1, y: 0, z: 0, w: -1}
  - {x: -1, y: 0, z: 0, w: -1}
  - {x: -1, y: 0, z: 0, w: -1}
  - {x: -1, y: 0, z: 0, w: -1}
  - {x: -1, y: 0, z: 0, w: -1}
  - {x: -1, y: 0, z: 0, w: -1}
  - {x: -1, y: 0, z: 0, w: -1}
  - {x: -1, y: 0, z: 0, w: -1}
  - {x: -1, y: 0, z: 0, w: -1}
  - {x: -1, y: 0, z: 0, w: -1}
  - {x: -1, y: 0, z: 0, w: -1}
  - {x: -1, y: 0, z: 0, w: -1}
  - {x: -1, y: 0, z: 0, w: -1}
  - {x: -1, y: 0, z: 0, w: -1}
  - {x: -1, y: 0, z: 0, w: -1}
  - {x: -1, y: 0, z: 0, w: -1}
  - {x: -1, y: 0, z: 0, w: -1}
  - {x: -1, y: 0, z: 0, w: -1}
  - {x: -1, y: 0, z: 0, w: -1}
  - {x: -1, y: 0, z: 0, w: -1}
  - {x: -1, y: 0, z: 0, w: -1}
  - {x: -1, y: 0, z: 0, w: -1}
  - {x: -1, y: 0, z: 0, w: -1}
  - {x: -1, y: 0, z: 0, w: -1}
  - {x: -1, y: 0, z: 0, w: -1}
  - {x: -1, y: 0, z: 0, w: -1}
  - {x: -1, y: 0, z: 0, w: -1}
  - {x: -1, y: 0, z: 0, w: -1}
  - {x: -1, y: 0, z: 0, w: -1}
  - {x: -1, y: 0, z: 0, w: -1}
  - {x: -1, y: 0, z: 0, w: -1}
  - {x: -1, y: 0, z: 0, w: -1}
  - {x: -1, y: 0, z: 0, w: -1}
  - {x: -1, y: 0, z: 0, w: -1}
  - {x: -1, y: 0, z: 0, w: -1}
  - {x: -1, y: 0, z: 0, w: -1}
  - {x: -1, y: 0, z: 0, w: -1}
  - {x: -1, y: 0, z: 0, w: -1}
  - {x: -1, y: 0, z: 0, w: -1}
  - {x: 0, y: 0, z: 1, w: -1}
  - {x: 0, y: 0, z: 1, w: -1}
  - {x: 0, y: 0, z: 1, w: -1}
  - {x: 0, y: 0, z: 1, w: -1}
  - {x: 0, y: 0, z: 1, w: -1}
  - {x: 0, y: 0, z: 1, w: -1}
  - {x: 0, y: 0, z: 1, w: -1}
  - {x: 0, y: 0, z: 1, w: -1}
  - {x: 0, y: 0, z: 1, w: -1}
  - {x: 0, y: 0, z: 1, w: -1}
  - {x: 0, y: 0, z: 1, w: -1}
  - {x: 0, y: 0, z: 1, w: -1}
  - {x: 0, y: 0, z: 1, w: -1}
  - {x: 1, y: 0, z: 0, w: -1}
  - {x: 1, y: 0, z: 0, w: -1}
  - {x: 1, y: 0, z: 0, w: -1}
  - {x: 1, y: 0, z: 0, w: -1}
  - {x: 1, y: 0, z: 0, w: -1}
  - {x: 1, y: 0, z: 0, w: -1}
  - {x: 1, y: 0, z: 0, w: -1}
  - {x: 1, y: 0, z: 0, w: -1}
  - {x: 1, y: 0, z: 0, w: -1}
  - {x: 1, y: 0, z: 0, w: -1}
  - {x: 0, y: 0, z: -1, w: -1}
  - {x: 0, y: 0, z: -1, w: -1}
  - {x: 0, y: 0, z: -1, w: -1}
  - {x: 0, y: 0, z: -1, w: -1}
  - {x: 0, y: 0, z: -1, w: -1}
  - {x: 0, y: 0, z: -1, w: -1}
  - {x: 0, y: 0, z: -1, w: -1}
  - {x: 0, y: 0, z: -1, w: -1}
  - {x: 0, y: 0, z: -1, w: -1}
  - {x: 0, y: 0, z: -1, w: -1}
  - {x: 0, y: 0, z: -1, w: -1}
  - {x: 0, y: 0, z: -1, w: -1}
  - {x: 0, y: 0, z: -1, w: -1}
  - {x: 1, y: 0, z: 0, w: -1}
  - {x: 1, y: 0, z: 0, w: -1}
  - {x: 1, y: 0, z: 0, w: -1}
  - {x: 1, y: 0, z: 0, w: -1}
  - {x: 1, y: 0, z: 0, w: -1}
  - {x: 1, y: 0, z: 0, w: -1}
  - {x: 1, y: 0, z: 0, w: -1}
  - {x: 1, y: 0, z: 0, w: -1}
  - {x: 1, y: 0, z: 0, w: -1}
  - {x: 1, y: 0, z: 0, w: -1}
  - {x: 1, y: 0, z: 0, w: -1}
  - {x: 1, y: 0, z: 0, w: -1}
  - {x: 1, y: 0, z: 0, w: -1}
  - {x: 1, y: 0, z: 0, w: -1}
  - {x: 1, y: 0, z: 0, w: -1}
  - {x: 1, y: 0, z: 0, w: -1}
  - {x: 1, y: 0, z: 0, w: -1}
  - {x: 1, y: 0, z: 0, w: -1}
  - {x: 1, y: 0, z: 0, w: -1}
  - {x: 1, y: 0, z: 0, w: -1}
  - {x: 1, y: 0, z: 0, w: -1}
  - {x: 1, y: 0, z: 0, w: -1}
  - {x: 1, y: 0, z: 0, w: -1}
  - {x: 1, y: 0, z: 0, w: -1}
  - {x: 1, y: 0, z: 0, w: -1}
  - {x: 1, y: 0, z: 0, w: -1}
  - {x: 1, y: 0, z: 0, w: -1}
  - {x: 1, y: 0, z: 0, w: -1}
  - {x: 1, y: 0, z: 0, w: -1}
  - {x: 1, y: 0, z: 0, w: -1}
  - {x: 1, y: 0, z: 0, w: -1}
  - {x: 1, y: 0, z: 0, w: -1}
  - {x: 1, y: 0, z: 0, w: -1}
  - {x: 1, y: 0, z: 0, w: -1}
  - {x: 1, y: 0, z: 0, w: -1}
  - {x: 1, y: 0, z: 0, w: -1}
  - {x: 1, y: 0, z: 0, w: -1}
  - {x: 1, y: 0, z: 0, w: -1}
  - {x: 1, y: 0, z: 0, w: -1}
  - {x: 1, y: 0, z: 0, w: -1}
  - {x: 1, y: 0, z: 0, w: -1}
  - {x: 1, y: 0, z: 0, w: -1}
  - {x: 1, y: 0, z: 0, w: -1}
  - {x: 1, y: 0, z: 0, w: -1}
  - {x: 1, y: 0, z: 0, w: -1}
  - {x: 1, y: 0, z: 0, w: -1}
  - {x: 1, y: 0, z: 0, w: -1}
  - {x: 1, y: 0, z: 0, w: -1}
  - {x: -1, y: 0, z: 0, w: -1}
  - {x: -1, y: 0, z: 0, w: -1}
  - {x: -1, y: 0, z: 0, w: -1}
  - {x: -1, y: 0, z: 0, w: -1}
  - {x: -1, y: 0, z: 0, w: -1}
  - {x: -1, y: 0, z: 0, w: -1}
  - {x: -1, y: 0, z: 0, w: -1}
  - {x: -1, y: 0, z: 0, w: -1}
  - {x: -1, y: 0, z: 0, w: -1}
  - {x: -1, y: 0, z: 0, w: -1}
  - {x: -1, y: 0, z: 0, w: -1}
  - {x: -1, y: 0, z: 0, w: -1}
  - {x: -1, y: 0, z: 0, w: -1}
  - {x: -1, y: 0, z: 0, w: -1}
  - {x: -1, y: 0, z: 0, w: -1}
  - {x: -1, y: 0, z: 0, w: -1}
  - {x: -1, y: 0, z: 0, w: -1}
  - {x: -1, y: 0, z: 0, w: -1}
  - {x: -1, y: 0, z: 0, w: -1}
  - {x: -1, y: 0, z: 0, w: -1}
  - {x: -1, y: 0, z: 0, w: -1}
  - {x: -1, y: 0, z: 0, w: -1}
  - {x: -1, y: 0, z: 0, w: -1}
  - {x: -1, y: 0, z: 0, w: -1}
  - {x: -1, y: 0, z: 0, w: -1}
  - {x: -1, y: 0, z: 0, w: -1}
  - {x: -1, y: 0, z: 0, w: -1}
  - {x: -1, y: 0, z: 0, w: -1}
  - {x: -1, y: 0, z: 0, w: -1}
  - {x: -1, y: 0, z: 0, w: -1}
  - {x: -1, y: 0, z: 0, w: -1}
  - {x: -1, y: 0, z: 0, w: -1}
  - {x: -1, y: 0, z: 0, w: -1}
  - {x: -1, y: 0, z: 0, w: -1}
  - {x: -1, y: 0, z: 0, w: -1}
  - {x: -1, y: 0, z: 0, w: -1}
  - {x: -1, y: 0, z: 0, w: -1}
  - {x: -1, y: 0, z: 0, w: -1}
  - {x: -1, y: 0, z: 0, w: -1}
  - {x: -1, y: 0, z: 0, w: -1}
  - {x: -1, y: 0, z: 0, w: -1}
  - {x: -1, y: 0, z: 0, w: -1}
  - {x: -1, y: 0, z: 0, w: -1}
  - {x: -1, y: 0, z: 0, w: -1}
  - {x: -1, y: 0, z: 0, w: -1}
  - {x: -1, y: 0, z: 0, w: -1}
  - {x: -1, y: 0, z: 0, w: -1}
  - {x: -1, y: 0, z: 0, w: -1}
  - {x: 1, y: 0, z: 0, w: -1}
  - {x: 1, y: 0, z: 0.000000047683717, w: -1}
  - {x: 1, y: 0, z: 0.000000047683717, w: -1}
  - {x: 1, y: 0, z: 0.00000009536743, w: -1}
  - {x: 1, y: 0, z: 0, w: -1}
  - {x: 1, y: 4.5474736e-14, z: -0.000000047683717, w: -1}
  - {x: 1, y: 4.5474736e-14, z: -0.000000047683717, w: -1}
  - {x: 1, y: 9.094947e-14, z: -0.00000009536743, w: -1}
  - {x: 0, y: 0, z: 1, w: -1}
  - {x: -0.000000047683717, y: 0, z: 1, w: -1}
  - {x: -0.000000047683717, y: 0, z: 1, w: -1}
  - {x: -0.00000009536743, y: 0, z: 1, w: -1}
  - {x: 0, y: 0, z: 1, w: -1}
  - {x: 0.000000047683717, y: 4.5474736e-14, z: 1, w: -1}
  - {x: 0.000000047683717, y: 4.5474736e-14, z: 1, w: -1}
  - {x: 0.00000009536743, y: 9.094947e-14, z: 1, w: -1}
  - {x: -1, y: 0, z: 0, w: -1}
  - {x: -1, y: 0, z: 0, w: -1}
  - {x: -1, y: 0, z: 0, w: -1}
  - {x: -1, y: 0, z: 0, w: -1}
  - {x: -1, y: 0, z: 0, w: -1}
  - {x: -1, y: 0, z: 0, w: -1}
  - {x: -1, y: 0, z: 0, w: -1}
  - {x: -1, y: 0, z: 0, w: -1}
  - {x: 0, y: 0, z: -1, w: -1}
  - {x: 0, y: 0, z: -1, w: -1}
  - {x: 0, y: 0, z: -1, w: -1}
  - {x: 0, y: 0, z: -1, w: -1}
  - {x: 0, y: 0, z: -1, w: -1}
  - {x: 0, y: 0, z: -1, w: -1}
  - {x: 0, y: 0, z: -1, w: -1}
  - {x: 0, y: 0, z: -1, w: -1}
  m_Colors: []
  m_UnwrapParameters:
    m_HardAngle: 88
    m_PackMargin: 20
    m_AngleError: 8
    m_AreaError: 15
  m_PreserveMeshAssetOnDestroy: 0
  assetGuid: 
  m_IsSelectable: 1
  m_SelectedFaces: 
  m_SelectedEdges: []
  m_SelectedVertices: 
--- !u!64 &6899024123734663449
MeshCollider:
  m_ObjectHideFlags: 0
  m_CorrespondingSourceObject: {fileID: 0}
  m_PrefabInstance: {fileID: 0}
  m_PrefabAsset: {fileID: 0}
  m_GameObject: {fileID: 6899024123734663450}
  m_Material: {fileID: 0}
  m_IsTrigger: 0
  m_Enabled: 1
  serializedVersion: 3
  m_Convex: 0
  m_CookingOptions: 14
  m_Mesh: {fileID: 0}
--- !u!208 &6899024123734663452
NavMeshObstacle:
  m_ObjectHideFlags: 0
  m_CorrespondingSourceObject: {fileID: 0}
  m_PrefabInstance: {fileID: 0}
  m_PrefabAsset: {fileID: 0}
  m_GameObject: {fileID: 6899024123734663450}
  m_Enabled: 1
  serializedVersion: 3
  m_Shape: 1
  m_Extents: {x: 5, y: 0.125, z: 5}
  m_MoveThreshold: 0.1
  m_Carve: 0
  m_CarveOnlyStationary: 1
  m_Center: {x: 5, y: 0.125, z: -5}
  m_TimeToStationary: 0.5
